<?xml version="1.0" encoding="UTF-8"?><collection xmlns="http://www.loc.gov/MARC21/slim"><record><leader>00418nam--2200133-i-4500</leader><controlfield tag="001">000003786</controlfield><controlfield tag="002">20161230</controlfield><controlfield tag="005">20161230201025</controlfield><controlfield tag="008">060222s1000------------r-----000-0-eng-d</controlfield><datafield ind1=" " ind2=" " tag="080"><subfield code="a">621</subfield></datafield><datafield ind1=" " ind2=" " tag="100"><subfield code="a">Bercovici, E.S. Si Hrusciov, M.M</subfield></datafield><datafield ind1=" " ind2=" " tag="245"><subfield code="a">Determinarea exacta a gradului de uzura la org anele de masini.traducere din limba rusa</subfield></datafield><datafield ind1=" " ind2=" " tag="260"><subfield code="a">Bucuresti, Institutul De Documentare Tehnica, 1954. 107 P</subfield></datafield><datafield ind1=" " ind2=" " tag="852"><subfield code="a">26259</subfield></datafield></record></collection>